@Manual{R:2018rr,
  title = {R: A Language and Environment for Statistical Computing},
  author = {{R Core Team}},
  organization = {R Foundation for Statistical Computing},
  address = {Vienna, Austria},
  year = {2018},
  url = {https://www.R-project.org/},
}

@Manual{Guevarra:2018eg,
  title = {ppitables: Lookup Tables to Generate Poverty Likelihoods and Rates using the Poverty Probability Index (PPI)},
  author = {Ernest Guevarra},
  year = {2018},
  note = {R package version 0.2.0},
  url = {https://CRAN.R-project.org/package=ppitables},
}

@techreport{VulnerabilityAssessmentandMappingWorldFoodProgramme:2008ti,
  author = {{Vulnerability Assessment and Mapping World Food Programme}},
  title = {{Food consumption analysis: Calculation and use of the food consumption score in food security analysis}},
  year = {2008},
  month = feb
}

@techreport{FAO:2016vn,
  author = {{FAO} and {FHI 360}},
  title = {{Minimum Dietary Diversity for Women: A Guide to Measurement }},
  year = {2016},
  address = {Rome}
}

@article{Milne:1959uy,
  author = {Milne, A},
  title = {{The centric systematic area-sample treated as a random sample}},
  journal = {Biometrics},
  year = {1959},
  volume = {15},
  number = {2},
  pages = {270--297}
}

@article{Myatt:2005vd,
  author = {Myatt, Mark and Feleke, Teshome and Sadler, Kate and Collins, Steve},
  title = {{A field trial of a survey method for estimating the coverage of selective feeding programmes.}},
  journal = {Bulletin of the World Health Organization},
  year = {2005},
  volume = {83},
  number = {1},
  pages = {20--26},
  month = jan
}

@techreport{SudanNationalSM:2013ve,
  author = {{Sudan National S3M}},
  title = {{Report of a Simple Spatial Surveying Method (S3M) survey in Sudan}},
  year = {2013}
}





@article{Grellety:2016fn,
  author = {Grellety, Emmanuel and Golden, Michael H},
  title = {{The Effect of Random Error on Diagnostic Accuracy Illustrated with the Anthropometric Diagnosis of Malnutrition}},
  journal = {PloS one},
  year = {2016},
  volume = {11},
  number = {12},
  pages = {e0168585--27},
  month = dec
}

@article{Ulijaszek:2007fp,
  author = {Ulijaszek, Stanley J and Kerr, Deborah A},
  title = {{Anthropometric measurement error and the assessment of nutritional status}},
  journal = {The British journal of nutrition},
  year = {2007},
  volume = {82},
  number = {03},
  pages = {165--13},
  month = mar
}

@incollection{Habicht:1979tx,
  author = {Habicht, Jean-Pierre and Yarbrough, Charles and Martorell, Reynaldo},
  title = {{Anthropometric Field Methods: Criteria for Selection}},
  booktitle = {Nutrition and Growth},
  year = {1979},
  editor = {Jelliffe, Derrick B and Jelliffe, E F Patrice},
  pages = {365--387},
  publisher = {Springer US},
  address = {Boston, MA}
}

@misc{Coates:2007vc,
  title = {{Household Food Insecurity Access Scale (HFIAS) for Measurement of Food Access: Indicator Guide (v. 3)}},
  author = {Coates, Jennifer and Swindale, Anne and Bilinsky, Paula},
  howpublished = {FHI 360/FANTA},
  month = aug,
  year = {2007}
}

@article{Tanahashi:1978we,
  author = {Tanahashi, T.},
  title = {{Health service coverage and its evaluation}},
  journal = {Bulletin of the World Health Organization},
  year = {1978},
  volume = {56},
  number = {2},
  pages = {295--303}
}

@misc{Myatt:2012tta,
  title = {{Semi-Quantitative Evaluation of Access and Coverage (SQUEAC)/ Simplified Lot Quality Assurance Sampling Evaluation of Access and Coverage (SLEAC) Technical Reference}},
  author = {Myatt, M and Guevarra, E and Fieschi, L and Norris, A and Guerrero, Saul and Schofield, Lily and Jones, Daniel and Emru, Ephrem and Sadler, K},
  howpublished = {FHI 360/FANTA},
  year = {2012}
}

@article{Dale:2012fd,
  author = {Dale, Nancy M and Myatt, Mark and Prudhon, Claudine and Briend, Andr{\'e}},
  title = {{Assessment of the PROBIT approach for estimating the prevalence of global, moderate and severe acute malnutrition from population surveys}},
  journal = {Public Health Nutrition},
  year = {2012},
  volume = {16},
  number = {05},
  pages = {858--863},
  month = jul
}


@article{Guevarra:2016uw,
  author = {Guevarra, Ernest and Siling, Katja and Chiwile, Faraja and Mutunga, Mueni and Senesie, Joseph},
  title = {{IYCF assessment with small-sample surveys - A proposal for a simplified and structured approach}},
  journal = {Field Exchange},
  year = {2016},
  pages = {1--11},
  month = feb
}

@book{WorldHealthOrganization:2008vw,
  author = {{World Health Organization}},
  title = {{Indicators for assessing infant and young child feeding practices: conclusions of a consensus meeting held 6{\textendash}8 November 2007}},
  publisher = {World Health Organization},
  year = {2008},
  address = {Washington, DC}
}

@booklet{MartinPrevel:2015wr,
  title = {{Moving forward on choosing a standard operational indicator of women's dietary diversity}},
  author = {Martin-Pr{\'e}vel, Yves and Allemand, Pauline and Wiesmann, D. and Arimond, Mary and Ballard, Terri and Deitchler, Megan and Dop, Marie Claude and Kennedy, Gina and Lee, Warren T K and Moursi, Mourad},
  howpublished = {Food and Agriculture Organisation of the United Nations},
  address = {Rome},
  year = {2015}
}

@misc{Swindale:2005wd,
  title = {{Household Dietary Diversity Score (HDDS) for measurement of household food access: Indicator guide}},
  author = {Swindale, A. and Bilinsky, P.},
  howpublished = {Food and Nutrition Technical Assistance (FANTA) Project. Washington DC},
  year = {2006}
}


@article{Sedgwick:2013eb,
  author = {Sedgwick, P},
  title = {{What is intention to treat analysis?}},
  journal = {BMJ (Clinical research ed)},
  year = {2013},
  volume = {346},
  number = {jun07 3},
  pages = {f3662--f3662},
  month = jun
}


@incollection{Hughes:2016fb,
  author = {Hughes, Rhidian},
  title = {{Vignette Technique}},
  booktitle = {The SAGE Encyclopedia of Social Science Research Methods},
  year = {2016},
  editor = {Lewis-Beck, Michael and Bryman, Alan and Futing Liao, Tim},
  pages = {1--3},
  publisher = {Sage Publications, Inc.},
  address = {Thousand Oaks},
  month = jul
}


@article{Au:2014gu,
  author = {Au, Nicole and Lorgelly, Paula K},
  title = {{Anchoring vignettes for health comparisons: an analysis of response consistency}},
  journal = {Quality of Life Research},
  year = {2014},
  volume = {23},
  number = {6},
  pages = {1721--1731},
  month = jan
}

@article{vanSoest:2011bi,
  author = {van Soest, Arthur and Delaney, Liam and Harmon, Colm and Kapteyn, Arie and Smith, James P},
  title = {{Validating the use of anchoring vignettes for the correction of response scale differences in subjective questions}},
  journal = {Journal of the Royal Statistical Society: Series A (Statistics in Society)},
  year = {2011},
  volume = {174},
  number = {3},
  pages = {575--595},
  month = may
}





